@misc{tennis_atp,
    author = "Jeff Sackmann",
    title = "Git repository `tennis\_atp' - {ATP} Tennis Rankings, Results, and Stats",
    year = "2023",
    url = "https://github.com/JeffSackmann/tennis_atp.git",
    note = "All data from this source is attributed to Jeff Sackmann and is licensed under the terms of Creative Commons Attribution-NonCommercial-ShareAlike 4.0 International License."
}
@misc{tennis_wta,
    author = "Jeff Sackmann",
    title = "Git repository `tennis\_wta' - {WTA} Tennis Rankings, Results, and Stats",
    year = "2023",
    url = "https://github.com/JeffSackmann/tennis_wta.git",
    note = "All data from this source is attributed to Jeff Sackmann and is licensed under the terms of Creative Commons Attribution-NonCommercial-ShareAlike 4.0 International License."
}
@misc{aws_cli,
    author = "AWS",
    title = "{AWS} {CLI} {C}ommand {R}eference",
    year = "2023",
    url = "https://docs.aws.amazon.com/cli/latest/reference/"
}
